<record><leader>00000cas a22000007a 4500</leader><controlfield tag="001">10633291</controlfield><controlfield tag="008">840416c19839999msuwr ne      0   a0eng d</controlfield><datafield ind1=" " ind2=" " tag="010"><subfield code="a">sn 84009660 </subfield></datafield><datafield ind1=" " ind2=" " tag="040"><subfield code="a">NSD</subfield><subfield code="b">eng</subfield><subfield code="c">NSD</subfield><subfield code="d">MSJ</subfield><subfield code="d">OCLCQ</subfield></datafield><datafield ind1=" " ind2=" " tag="012"><subfield code="m">1</subfield></datafield><datafield ind1="1" ind2=" " tag="022"><subfield code="a">0747-1904</subfield><subfield code="l">0747-1904</subfield><subfield code="2">1</subfield></datafield><datafield ind1=" " ind2=" " tag="032"><subfield code="a">716130</subfield><subfield code="b">USPS</subfield></datafield><datafield ind1=" " ind2=" " tag="037"><subfield code="b">The Pearl Press, 212 N. Bierdeman Rd., Pearl, MS 39208</subfield></datafield><datafield ind1=" " ind2=" " tag="042"><subfield code="a">nsdp</subfield></datafield><datafield ind1=" " ind2="4" tag="222"><subfield code="a">The Pearl press</subfield></datafield><datafield ind1="0" ind2="4" tag="245"><subfield code="a">The Pearl press.</subfield></datafield><datafield ind1=" " ind2=" " tag="260"><subfield code="a">Pearl, Miss. :</subfield><subfield code="b">T. Hamby,</subfield><subfield code="c">1983-</subfield></datafield><datafield ind1=" " ind2=" " tag="310"><subfield code="a">Weekly</subfield></datafield><datafield ind1="0" ind2=" " tag="362"><subfield code="a">Vol. 1, no. 1 (Sept. 8, 1983)-</subfield></datafield><datafield ind1=" " ind2=" " tag="752"><subfield code="a">United States</subfield><subfield code="b">Mississippi</subfield><subfield code="c">Rankin</subfield><subfield code="d">Pearl.</subfield></datafield><datafield ind1=" " ind2=" " tag="936"><subfield code="a">Mar. 15, 1984</subfield></datafield></record>